<record><leader>00000cas a2200000 a 4500</leader><controlfield tag="001">7261127</controlfield><controlfield tag="008">810325c19799999ilumr ne      0   a0eng c</controlfield><datafield ind1=" " ind2=" " tag="010"><subfield code="a">sn 81000775 </subfield></datafield><datafield ind1=" " ind2=" " tag="040"><subfield code="a">NSD</subfield><subfield code="b">eng</subfield><subfield code="c">NSD</subfield><subfield code="d">MFN</subfield><subfield code="d">NSD</subfield><subfield code="d">OCL</subfield><subfield code="d">OCLCQ</subfield><subfield code="d">AGL</subfield><subfield code="d">OCLCF</subfield><subfield code="d">OCLCO</subfield></datafield><datafield ind1=" " ind2=" " tag="012"><subfield code="j">0</subfield><subfield code="m">1</subfield></datafield><datafield ind1="1" ind2=" " tag="022"><subfield code="a">0279-7895</subfield><subfield code="l">0279-7895</subfield><subfield code="2">1</subfield></datafield><datafield ind1=" " ind2=" " tag="032"><subfield code="a">016354</subfield><subfield code="b">USPS</subfield></datafield><datafield ind1=" " ind2=" " tag="042"><subfield code="a">nsdp</subfield><subfield code="a">pcc</subfield></datafield><datafield ind1=" " ind2="4" tag="050"><subfield code="a">S1</subfield><subfield code="b">.M34</subfield></datafield><datafield ind1="0" ind2=" " tag="070"><subfield code="a">S1</subfield><subfield code="b">.M3</subfield></datafield><datafield ind1="0" ind2=" " tag="130"><subfield code="a">Maryland farmer (Baltimore, Md. : 1979)</subfield></datafield><datafield ind1=" " ind2="0" tag="222"><subfield code="a">Maryland farmer</subfield><subfield code="b">(Carol Stream, Ill.)</subfield></datafield><datafield ind1="0" ind2="0" tag="245"><subfield code="a">Maryland farmer.</subfield></datafield><datafield ind1=" " ind2=" " tag="260"><subfield code="a">Baltimore, Md. :</subfield><subfield code="b">R.A. Wittman,</subfield></datafield><datafield ind1=" " ind2=" " tag="300"><subfield code="a">v.</subfield></datafield><datafield ind1=" " ind2=" " tag="310"><subfield code="a">Monthly</subfield></datafield><datafield ind1="0" ind2=" " tag="362"><subfield code="a">Vol. 1, no. 1 (May 1979)-</subfield></datafield><datafield ind1=" " ind2=" " tag="500"><subfield code="a">Published: Carol Stream, IL : Farm Progress Companies, &lt;Feb. 1998-&gt;</subfield></datafield><datafield ind1=" " ind2="0" tag="650"><subfield code="a">Agriculture</subfield><subfield code="z">Maryland</subfield><subfield code="v">Periodicals.</subfield></datafield><datafield ind1=" " ind2="7" tag="655"><subfield code="a">Periodicals.</subfield><subfield code="2">fast</subfield><subfield code="0">(OCoLC)fst01411641</subfield></datafield><datafield ind1=" " ind2="7" tag="650"><subfield code="a">Agriculture.</subfield><subfield code="2">fast</subfield><subfield code="0">(OCoLC)fst00801355</subfield></datafield><datafield ind1=" " ind2="7" tag="651"><subfield code="a">Maryland.</subfield><subfield code="2">fast</subfield><subfield code="0">(OCoLC)fst01204739</subfield></datafield><datafield ind1=" " ind2=" " tag="752"><subfield code="a">United States</subfield><subfield code="b">Maryland</subfield><subfield code="d">Baltimore.</subfield></datafield><datafield ind1=" " ind2=" " tag="936"><subfield code="a">Vol. 20, no. 2 (Feb. 1998) LIC</subfield></datafield></record>